@article{bayat2019keyhole,
  title={Keyhole-induced porosities in Laser-based Powder Bed Fusion (L-PBF) of Ti6Al4V: High-fidelity modelling and experimental validation},
  author={Bayat, Mohamad and Thanki, Aditi and Mohanty, Sankhya and Witvrouw, Ann and Yang, Shoufeng and Thorborg, Jesper and Tiedje, Niels Skat and Hattel, Jesper Henri},
  journal={Additive Manufacturing},
  volume={30},
  pages={100835},
  year={2019},
  publisher={Elsevier}
}

@article{martin2019dynamics,
  title={Dynamics of pore formation during laser powder bed fusion additive manufacturing},
  author={Martin, Aiden A and Calta, Nicholas P and Khairallah, Saad A and Wang, Jenny and Depond, Phillip J and Fong, Anthony Y and Thampy, Vivek and Guss, Gabe M and Kiss, Andrew M and Stone, Kevin H and others},
  journal={Nature communications},
  volume={10},
  number={1},
  pages={1--10},
  year={2019},
  publisher={Nature Publishing Group}
}

@article{hojjatzadeh2019pore,
  title={Pore elimination mechanisms during 3D printing of metals},
  author={Hojjatzadeh, S Mohammad H and Parab, Niranjan D and Yan, Wentao and Guo, Qilin and Xiong, Lianghua and Zhao, Cang and Qu, Minglei and Escano, Luis I and Xiao, Xianghui and Fezzaa, Kamel and others},
  journal={Nature communications},
  volume={10},
  number={1},
  pages={1--8},
  year={2019},
  publisher={Nature Publishing Group}
}

@article{cunningham2019keyhole,
  title={Keyhole threshold and morphology in laser melting revealed by ultrahigh-speed x-ray imaging},
  author={Cunningham, Ross and Zhao, Cang and Parab, Niranjan and Kantzos, Christopher and Pauza, Joseph and Fezzaa, Kamel and Sun, Tao and Rollett, Anthony D},
  journal={Science},
  volume={363},
  number={6429},
  pages={849--852},
  year={2019},
  publisher={American Association for the Advancement of Science}
}

@article{fabbro2010melt,
  title={Melt pool and keyhole behaviour analysis for deep penetration laser welding},
  author={Fabbro, R{\'e}my},
  journal={Journal of Physics D: Applied Physics},
  volume={43},
  number={44},
  pages={445501},
  year={2010},
  publisher={IOP Publishing}
}

@article{kouraytem2019effect,
  title={Effect of laser-matter interaction on molten pool flow and keyhole dynamics},
  author={Kouraytem, Nadia and Li, Xuxiao and Cunningham, Ross and Zhao, Cang and Parab, Niranjan and Sun, Tao and Rollett, Anthony D and Spear, Ashley D and Tan, Wenda},
  journal={Physical Review Applied},
  volume={11},
  number={6},
  pages={064054},
  year={2019},
  publisher={APS}
}

@article{herriott2020predicting,
  title={Predicting microstructure-dependent mechanical properties in additively manufactured metals with machine-and deep-learning methods},
  author={Herriott, Carl and Spear, Ashley D},
  journal={Computational Materials Science},
  volume={175},
  pages={109599},
  year={2020},
  publisher={Elsevier}
}

@article{swischuk2019projection,
  title={Projection-based model reduction: Formulations for physics-based machine learning},
  author={Swischuk, Renee and Mainini, Laura and Peherstorfer, Benjamin and Willcox, Karen},
  journal={Computers \& Fluids},
  volume={179},
  pages={704--717},
  year={2019},
  publisher={Elsevier}
}

@article{yao2018pixel,
  title={Pixel-wise regression using U-Net and its application on pansharpening},
  author={Yao, Wei and Zeng, Zhigang and Lian, Cheng and Tang, Huiming},
  journal={Neurocomputing},
  volume={312},
  pages={364--371},
  year={2018},
  publisher={Elsevier}
}

@article{cui2018modern,
  title={Modern practical convolutional neural networks for multivariate regression: Applications to NIR calibration},
  author={Cui, Chenhao and Fearn, Tom},
  journal={Chemometrics and Intelligent Laboratory Systems},
  volume={182},
  pages={9--20},
  year={2018},
  publisher={Elsevier}
}

@phdthesis{mangal2018applied,
  title={Applied Machine Learning to PredictStress Hotspots in Materials},
  author={Mangal, Ankita},
  year={2018},
  school={Carnegie Mellon University}
}

@inproceedings{long2015fully,
  title={Fully convolutional networks for semantic segmentation},
  author={Long, Jonathan and Shelhamer, Evan and Darrell, Trevor},
  booktitle={Proceedings of the IEEE conference on computer vision and pattern recognition},
  pages={3431--3440},
  year={2015}
}
